<?xml version="1.0" encoding="UTF-8"?><collection xmlns="http://www.loc.gov/MARC21/slim"><record><leader>00589nam--2200169-u-4500</leader><controlfield tag="001">000054769</controlfield><controlfield tag="002">20161230</controlfield><controlfield tag="005">20161230201051</controlfield><controlfield tag="008">120607s1000------------r-----000-0-eng-d</controlfield><datafield ind1=" " ind2=" " tag="040"><subfield code="a">IFIN-HH</subfield></datafield><datafield ind1=" " ind2=" " tag="080"><subfield code="a">681.14:061.3</subfield></datafield><datafield ind1="1" ind2=" " tag="100"><subfield code="a">Jones, Jr. Hugh V</subfield></datafield><datafield ind1="1" ind2="0" tag="245"><subfield code="a">Boner-ii an on-line multi-laboratory data acquisition system</subfield><subfield code="b">Presented at the 1969 ieee nuclear sciences symposium san francisco, california, usa, october 29-31, 1969</subfield><subfield code="c">Hugh v. jones, jr</subfield></datafield><datafield ind1=" " ind2=" " tag="260"><subfield code="a">Houston, Texas</subfield><subfield code="b">Reice University</subfield><subfield code="c">1969</subfield></datafield><datafield ind1=" " ind2=" " tag="300"><subfield code="a">9P.+ ANEXE</subfield></datafield><datafield ind1=" " ind2=" " tag="852"><subfield code="a">35138</subfield><subfield code="c">539.17</subfield></datafield><datafield ind1=" " ind2=" " tag="CAT"><subfield code="a">Sys</subfield><subfield code="c">20120607</subfield><subfield code="h">144136</subfield></datafield></record></collection>